<record><leader>00000cas a22000007a 4500</leader><controlfield tag="001">13501550</controlfield><controlfield tag="008">860428d19131963mtuwr ne      0    0eng d</controlfield><datafield ind1=" " ind2=" " tag="010"><subfield code="a">sn 86075148 </subfield></datafield><datafield ind1=" " ind2=" " tag="040"><subfield code="a">MTL</subfield><subfield code="b">eng</subfield><subfield code="c">MTL</subfield><subfield code="d">OCLCQ</subfield></datafield><datafield ind1=" " ind2=" " tag="042"><subfield code="a">msc</subfield></datafield><datafield ind1="0" ind2="4" tag="245"><subfield code="a">The Geraldine review.</subfield></datafield><datafield ind1=" " ind2=" " tag="260"><subfield code="a">Geraldine, Mont. :</subfield><subfield code="b">G.E. Shawler,</subfield><subfield code="c">1913-1963.</subfield></datafield><datafield ind1=" " ind2=" " tag="300"><subfield code="a">51 v. :</subfield><subfield code="b">ill.</subfield></datafield><datafield ind1=" " ind2=" " tag="310"><subfield code="a">Weekly</subfield></datafield><datafield ind1="0" ind2=" " tag="362"><subfield code="a">Vol. 1, no. 1 (Aug. 15, 1913)-v. 51, no. 7 (Oct. 24, 1963).</subfield></datafield><datafield ind1=" " ind2=" " tag="752"><subfield code="a">United States</subfield><subfield code="b">Montana</subfield><subfield code="c">Chouteau</subfield><subfield code="d">Geraldine.</subfield></datafield></record>